% Heavy quark diffusion
@article{Moore:2004tg,
      author         = "Moore, Guy D. and Teaney, Derek",
      title          = "{How much do heavy quarks thermalize in a heavy ion
                        collision?}",
      journal        = "Phys. Rev.",
      volume         = "C71",
      year           = "2005",
      pages          = "064904",
      doi            = "10.1103/PhysRevC.71.064904",
      eprint         = "hep-ph/0412346",
      archivePrefix  = "arXiv",
      primaryClass   = "hep-ph",
      SLACcitation   = "%%CITATION = HEP-PH/0412346;%%"
}
% Charm quark diffusion 1988
@article{PhysRevD.37.2484,
  title = {Diffusion of charmed quarks in the quark-gluon plasma},
  author = {Svetitsky, Benjamin},
  journal = {Phys. Rev. D},
  volume = {37},
  issue = {9},
  pages = {2484--2491},
  numpages = {0},
  year = {1988},
  month = {May},
  publisher = {American Physical Society},
  doi = {10.1103/PhysRevD.37.2484},
  url = {https://link.aps.org/doi/10.1103/PhysRevD.37.2484}
}

% LBT for Heavy
@article{Cao:2016gvr,
      author         = "Cao, Shanshan and Luo, Tan and Qin, Guang-You and Wang,
                        Xin-Nian",
      title          = "{Linearized Boltzmann transport model for jet propagation
                        in the quark-gluon plasma: Heavy quark evolution}",
      journal        = "Phys. Rev.",
      volume         = "C94",
      year           = "2016",
      number         = "1",
      pages          = "014909",
      doi            = "10.1103/PhysRevC.94.014909",
      eprint         = "1605.06447",
      archivePrefix  = "arXiv",
      primaryClass   = "nucl-th",
      SLACcitation   = "%%CITATION = ARXIV:1605.06447;%%"
}

% LBT for light and heavy
@article{Cao:2017hhk,
      author         = "Cao, Shanshan and Luo, Tan and Qin, Guang-You and Wang,
                        Xin-Nian",
      title          = "{Heavy and light flavor jet quenching at RHIC and LHC
                        energies}",
      journal        = "Phys. Lett.",
      volume         = "B777",
      year           = "2018",
      pages          = "255-259",
      doi            = "10.1016/j.physletb.2017.12.023",
      eprint         = "1703.00822",
      archivePrefix  = "arXiv",
      primaryClass   = "nucl-th",
      SLACcitation   = "%%CITATION = ARXIV:1703.00822;%%"
}
% Effective kinetic theory for QCD plasma
@article{Arnold:2002zm,
      author         = "Arnold, Peter Brockway and Moore, Guy D. and Yaffe,
                        Laurence G.",
      title          = "{Effective kinetic theory for high temperature gauge
                        theories}",
      journal        = "JHEP",
      volume         = "01",
      year           = "2003",
      pages          = "030",
      doi            = "10.1088/1126-6708/2003/01/030",
      eprint         = "hep-ph/0209353",
      archivePrefix  = "arXiv",
      primaryClass   = "hep-ph",
      SLACcitation   = "%%CITATION = HEP-PH/0209353;%%"
}
% lattice charm diffusion
@article{Ding:2012sp,
      author         = "Ding, H. T. and Francis, A. and Kaczmarek, O. and Karsch,
                        F. and Satz, H. and Soeldner, W.",
      title          = "{Charmonium properties in hot quenched lattice QCD}",
      journal        = "Phys. Rev.",
      volume         = "D86",
      year           = "2012",
      pages          = "014509",
      doi            = "10.1103/PhysRevD.86.014509",
      eprint         = "1204.4945",
      archivePrefix  = "arXiv",
      primaryClass   = "hep-lat",
      reportNumber   = "BI-TP-2012-13",
      SLACcitation   = "%%CITATION = ARXIV:1204.4945;%%"
}
% lattice heavy quark diffusion 
@article{Banerjee:2011ra,
      author         = "Banerjee, Debasish and Datta, Saumen and Gavai, Rajiv and
                        Majumdar, Pushan",
      title          = "{Heavy Quark Momentum Diffusion Coefficient from Lattice
                        QCD}",
      journal        = "Phys. Rev.",
      volume         = "D85",
      year           = "2012",
      pages          = "014510",
      doi            = "10.1103/PhysRevD.85.014510",
      eprint         = "1109.5738",
      archivePrefix  = "arXiv",
      primaryClass   = "hep-lat",
      reportNumber   = "TIFR-TH-11-41",
      SLACcitation   = "%%CITATION = ARXIV:1109.5738;%%"
}
% Another lattice transport coefficient
@article{Francis:2015daa,
      author         = "Francis, A. and Kaczmarek, O. and Laine, M. and Neuhaus,
                        T. and Ohno, H.",
      title          = "{Nonperturbative estimate of the heavy quark momentum
                        diffusion coefficient}",
      journal        = "Phys. Rev.",
      volume         = "D92",
      year           = "2015",
      number         = "11",
      pages          = "116003",
      doi            = "10.1103/PhysRevD.92.116003",
      eprint         = "1508.04543",
      archivePrefix  = "arXiv",
      primaryClass   = "hep-lat",
      reportNumber   = "BI-TP-2015-11, HIP-2015-28-TH",
      SLACcitation   = "%%CITATION = ARXIV:1508.04543;%%"
}
% TAMU heavy quark diffusion
% A
@article{He:2012df,
      author         = "He, Min and Fries, Rainer J. and Rapp, Ralf",
      title          = "{$\mathbf{D_s}$-Meson as Quantitative Probe of Diffusion
                        and Hadronization in Nuclear Collisions}",
      journal        = "Phys. Rev. Lett.",
      volume         = "110",
      year           = "2013",
      number         = "11",
      pages          = "112301",
      doi            = "10.1103/PhysRevLett.110.112301",
      eprint         = "1204.4442",
      archivePrefix  = "arXiv",
      primaryClass   = "nucl-th",
      SLACcitation   = "%%CITATION = ARXIV:1204.4442;%%"
}
% B
@article{Riek:2010fk,
      author         = "Riek, F. and Rapp, R.",
      title          = "{Quarkonia and Heavy-Quark Relaxation Times in the
                        Quark-Gluon Plasma}",
      journal        = "Phys. Rev.",
      volume         = "C82",
      year           = "2010",
      pages          = "035201",
      doi            = "10.1103/PhysRevC.82.035201",
      eprint         = "1005.0769",
      archivePrefix  = "arXiv",
      primaryClass   = "hep-ph",
      SLACcitation   = "%%CITATION = ARXIV:1005.0769;%%"
}
% NLO diffusion+scattering
@article{Ghiglieri:2015ala,
      author         = "Ghiglieri, Jacopo and Moore, Guy D. and Teaney, Derek",
      title          = "{Jet-Medium Interactions at NLO in a Weakly-Coupled
                        Quark-Gluon Plasma}",
      journal        = "JHEP",
      volume         = "03",
      year           = "2016",
      pages          = "095",
      doi            = "10.1007/JHEP03(2016)095",
      eprint         = "1509.07773",
      archivePrefix  = "arXiv",
      primaryClass   = "hep-ph",
      SLACcitation   = "%%CITATION = ARXIV:1509.07773;%%"
}
% TRENTo
@article{Moreland:2014oya,
      author         = "Moreland, J. Scott and Bernhard, Jonah E. and Bass,
                        Steffen A.",
      title          = "{Alternative ansatz to wounded nucleon and binary
                        collision scaling in high-energy nuclear collisions}",
      journal        = "Phys. Rev.",
      volume         = "C92",
      year           = "2015",
      number         = "1",
      pages          = "011901",
      doi            = "10.1103/PhysRevC.92.011901",
      eprint         = "1412.4708",
      archivePrefix  = "arXiv",
      primaryClass   = "nucl-th",
      SLACcitation   = "%%CITATION = ARXIV:1412.4708;%%"
}
% Scott Pratt Bayesian
@article{Novak:2013bqa,
      author         = "Novak, John and Novak, Kevin and Pratt, Scott and
                        Vredevoogd, Joshua and Coleman-Smith, Chris and Wolpert,
                        Robert",
      title          = "{Determining Fundamental Properties of Matter Created in
                        Ultrarelativistic Heavy-Ion Collisions}",
      journal        = "Phys. Rev.",
      volume         = "C89",
      year           = "2014",
      number         = "3",
      pages          = "034917",
      doi            = "10.1103/PhysRevC.89.034917",
      eprint         = "1303.5769",
      archivePrefix  = "arXiv",
      primaryClass   = "nucl-th",
      SLACcitation   = "%%CITATION = ARXIV:1303.5769;%%"
}
% Scott Pratt Bayesian EoS
@article{Pratt:2015zsa,
      author         = "Pratt, Scott and Sangaline, Evan and Sorensen, Paul and
                        Wang, Hui",
      title          = "{Constraining the Eq. of State of Super-Hadronic Matter
                        from Heavy-Ion Collisions}",
      journal        = "Phys. Rev. Lett.",
      volume         = "114",
      year           = "2015",
      pages          = "202301",
      doi            = "10.1103/PhysRevLett.114.202301",
      eprint         = "1501.04042",
      archivePrefix  = "arXiv",
      primaryClass   = "nucl-th",
      SLACcitation   = "%%CITATION = ARXIV:1501.04042;%%"
}

% Jonah Bayesian 2015
@article{Bernhard:2015hxa,
      author         = "Bernhard, Jonah E. and Marcy, Peter W. and Coleman-Smith,
                        Christopher E. and Huzurbazar, Snehalata and Wolpert,
                        Robert L. and Bass, Steffen A.",
      title          = "{Quantifying properties of hot and dense QCD matter
                        through systematic model-to-data comparison}",
      journal        = "Phys. Rev.",
      volume         = "C91",
      year           = "2015",
      number         = "5",
      pages          = "054910",
      doi            = "10.1103/PhysRevC.91.054910",
      eprint         = "1502.00339",
      archivePrefix  = "arXiv",
      primaryClass   = "nucl-th",
      SLACcitation   = "%%CITATION = ARXIV:1502.00339;%%"
}


% Jonah Bayesian 2016
@article{Bernhard:2016tnd,
      author         = "Bernhard, Jonah E. and Moreland, J. Scott and Bass,
                        Steffen A. and Liu, Jia and Heinz, Ulrich",
      title          = "{Applying Bayesian parameter estimation to relativistic
                        heavy-ion collisions: simultaneous characterization of the
                        initial state and quark-gluon plasma medium}",
      journal        = "Phys. Rev.",
      volume         = "C94",
      year           = "2016",
      number         = "2",
      pages          = "024907",
      doi            = "10.1103/PhysRevC.94.024907",
      eprint         = "1605.03954",
      archivePrefix  = "arXiv",
      primaryClass   = "nucl-th",
      SLACcitation   = "%%CITATION = ARXIV:1605.03954;%%"
}

% Yingru Bayesian Heavy quark
@article{Xu:2017obm,
      author         = "Xu, Yingru and Bernhard, Jonah E. and Bass, Steffen A.
                        and Nahrgang, Marlene and Cao, Shanshan",
      title          = "{Data-driven analysis for the temperature and momentum
                        dependence of the heavy-quark diffusion coefficient in
                        relativistic heavy-ion collisions}",
      journal        = "Phys. Rev.",
      volume         = "C97",
      year           = "2018",
      number         = "1",
      pages          = "014907",
      doi            = "10.1103/PhysRevC.97.014907",
      eprint         = "1710.00807",
      archivePrefix  = "arXiv",
      primaryClass   = "nucl-th",
      SLACcitation   = "%%CITATION = ARXIV:1710.00807;%%"
}
% Shanshan improved Langevin
@article{Cao:2013ita,
      author         = "Cao, Shanshan and Qin, Guang-You and Bass, Steffen A.",
      title          = "{Heavy-quark dynamics and hadronization in
                        ultrarelativistic heavy-ion collisions: Collisional versus
                        radiative energy loss}",
      journal        = "Phys. Rev.",
      volume         = "C88",
      year           = "2013",
      pages          = "044907",
      doi            = "10.1103/PhysRevC.88.044907",
      eprint         = "1308.0617",
      archivePrefix  = "arXiv",
      primaryClass   = "nucl-th",
      SLACcitation   = "%%CITATION = ARXIV:1308.0617;%%"
}
% iEBE vishnu
@article{Shen:2014vra,
      author         = "Shen, Chun and Qiu, Zhi and Song, Huichao and Bernhard,
                        Jonah and Bass, Steffen and Heinz, Ulrich",
      title          = "{The iEBE-VISHNU code package for relativistic heavy-ion
                        collisions}",
      journal        = "Comput. Phys. Commun.",
      volume         = "199",
      year           = "2016",
      pages          = "61-85",
      doi            = "10.1016/j.cpc.2015.08.039",
      eprint         = "1409.8164",
      archivePrefix  = "arXiv",
      primaryClass   = "nucl-th",
      SLACcitation   = "%%CITATION = ARXIV:1409.8164;%%"
}
% vishnew
@article{Song:2007ux,
      author         = "Song, Huichao and Heinz, Ulrich W.",
      title          = "{Causal viscous hydrodynamics in 2+1 dimensions for
                        relativistic heavy-ion collisions}",
      journal        = "Phys. Rev.",
      volume         = "C77",
      year           = "2008",
      pages          = "064901",
      doi            = "10.1103/PhysRevC.77.064901",
      eprint         = "0712.3715",
      archivePrefix  = "arXiv",
      primaryClass   = "nucl-th",
      reportNumber   = "CERN-PH-TH-2007-269",
      SLACcitation   = "%%CITATION = ARXIV:0712.3715;%%"
}
% vishnew formulation
@article{Heinz:2005bw,
      author         = "Heinz, Ulrich W. and Song, Huichao and Chaudhuri, Asis
                        K.",
      title          = "{Dissipative hydrodynamics for viscous relativistic
                        fluids}",
      journal        = "Phys. Rev.",
      volume         = "C73",
      year           = "2006",
      pages          = "034904",
      doi            = "10.1103/PhysRevC.73.034904",
      eprint         = "nucl-th/0510014",
      archivePrefix  = "arXiv",
      primaryClass   = "nucl-th",
      SLACcitation   = "%%CITATION = NUCL-TH/0510014;%%"
}
% Jussi Bayesian BES
@article{Auvinen:2017fjw,
      author         = "Auvinen, Jussi and Karpenko, Iurii and Bernhard, Jonah E.
                        and Bass, Steffen A.",
      title          = "{Investigating the collision energy dependence of
                        $\eta$/s in RHIC beam energy scan using Bayesian
                        statistics}",
      journal        = "Phys. Rev.",
      volume         = "C97",
      year           = "2018",
      number         = "4",
      pages          = "044905",
      doi            = "10.1103/PhysRevC.97.044905",
      eprint         = "1706.03666",
      archivePrefix  = "arXiv",
      primaryClass   = "hep-ph",
      SLACcitation   = "%%CITATION = ARXIV:1706.03666;%%"
}
% Jussi LBT jet
@article{Auvinen:2009qm,
      author         = "Auvinen, Jussi and Eskola, Kari J. and Renk, Thorsten",
      title          = "{A Monte-Carlo model for elastic energy loss in a
                        hydrodynamical background}",
      journal        = "Phys. Rev.",
      volume         = "C82",
      year           = "2010",
      pages          = "024906",
      doi            = "10.1103/PhysRevC.82.024906",
      eprint         = "0912.2265",
      archivePrefix  = "arXiv",
      primaryClass   = "hep-ph",
      SLACcitation   = "%%CITATION = ARXIV:0912.2265;%%"
}

% DGLV energy loss , finite L, dynamical scattering center
@article{Djordjevic:2008iz,
      author         = "Djordjevic, Magdalena and Heinz, Ulrich W.",
      title          = "{Radiative energy loss in a finite dynamical QCD medium}",
      journal        = "Phys. Rev. Lett.",
      volume         = "101",
      year           = "2008",
      pages          = "022302",
      doi            = "10.1103/PhysRevLett.101.022302",
      eprint         = "0802.1230",
      archivePrefix  = "arXiv",
      primaryClass   = "nucl-th",
      reportNumber   = "CERN-PH-TH-2008-018",
      SLACcitation   = "%%CITATION = ARXIV:0802.1230;%%"
}
% HTL self energy
@article{Peshier:1998dy,
      author         = "Peshier, Andre and Schertler, Klaus and Thoma, Markus H.",
      title          = "{One loop selfenergies at finite temperature}",
      journal        = "Annals Phys.",
      volume         = "266",
      year           = "1998",
      pages          = "162-177",
      doi            = "10.1006/aphy.1997.5781",
      eprint         = "hep-ph/9708434",
      archivePrefix  = "arXiv",
      primaryClass   = "hep-ph",
      SLACcitation   = "%%CITATION = HEP-PH/9708434;%%"
}
% Improved Gunion Bertsch: light parton
@article{Fochler:2013epa,
      author         = "Fochler, Oliver and Uphoff, Jan and Xu, Zhe and Greiner,
                        Carsten",
      title          = "{Radiative parton processes in perturbative QCD: An
                        improved version of the Gunion and Bertsch cross section
                        from comparisons to the exact result}",
      journal        = "Phys. Rev.",
      volume         = "D88",
      year           = "2013",
      number         = "1",
      pages          = "014018",
      doi            = "10.1103/PhysRevD.88.014018",
      eprint         = "1302.5250",
      archivePrefix  = "arXiv",
      primaryClass   = "hep-ph",
      SLACcitation   = "%%CITATION = ARXIV:1302.5250;%%"
}
% Improved Gunion Bertsch: heavy quark
@article{Uphoff:2014hza,
      author         = "Uphoff, Jan and Fochler, Oliver and Xu, Zhe and Greiner,
                        Carsten",
      title          = "{Elastic and radiative heavy quark interactions in
                        ultra-relativistic heavy-ion collisions}",
      journal        = "J. Phys.",
      volume         = "G42",
      year           = "2015",
      number         = "11",
      pages          = "115106",
      doi            = "10.1088/0954-3899/42/11/115106",
      eprint         = "1408.2964",
      archivePrefix  = "arXiv",
      primaryClass   = "hep-ph",
      SLACcitation   = "%%CITATION = ARXIV:1408.2964;%%"
}
% Original BAMPS
@article{Xu:2004mz,
      author         = "Xu, Zhe and Greiner, Carsten",
      title          = "{Thermalization of gluons in ultrarelativistic heavy ion
                        collisions by including three-body interactions in a
                        parton cascade}",
      journal        = "Phys. Rev.",
      volume         = "C71",
      year           = "2005",
      pages          = "064901",
      doi            = "10.1103/PhysRevC.71.064901",
      eprint         = "hep-ph/0406278",
      archivePrefix  = "arXiv",
      primaryClass   = "hep-ph",
      SLACcitation   = "%%CITATION = HEP-PH/0406278;%%"
}
% Quantum treatement of LPM in QED and QCD
@article{Zakharov:1996fv,
      author         = "Zakharov, B. G.",
      title          = "{Fully quantum treatment of the Landau-Pomeranchuk-Migdal
                        effect in QED and QCD}",
      journal        = "JETP Lett.",
      volume         = "63",
      year           = "1996",
      pages          = "952-957",
      doi            = "10.1134/1.567126",
      eprint         = "hep-ph/9607440",
      archivePrefix  = "arXiv",
      primaryClass   = "hep-ph",
      SLACcitation   = "%%CITATION = HEP-PH/9607440;%%"
}
% Xinnian, LPM effect
@article{Wang:1994fx,
      author         = "Wang, Xin-Nian and Gyulassy, Miklos and Plumer, Michael",
      title          = "{The LPM effect in QCD and radiative energy loss in a
                        quark gluon plasma}",
      journal        = "Phys. Rev.",
      volume         = "D51",
      year           = "1995",
      pages          = "3436-3446",
      doi            = "10.1103/PhysRevD.51.3436",
      eprint         = "hep-ph/9408344",
      archivePrefix  = "arXiv",
      primaryClass   = "hep-ph",
      reportNumber   = "LBL-35980",
      SLACcitation   = "%%CITATION = HEP-PH/9408344;%%"
}
% BDMPS energy loss
@article{Baier:1996kr,
      author         = "Baier, R. and Dokshitzer, Yuri L. and Mueller, Alfred H.
                        and Peigne, S. and Schiff, D.",
      title          = "{Radiative energy loss of high-energy quarks and gluons
                        in a finite volume quark - gluon plasma}",
      journal        = "Nucl. Phys.",
      volume         = "B483",
      year           = "1997",
      pages          = "291-320",
      doi            = "10.1016/S0550-3213(96)00553-6",
      eprint         = "hep-ph/9607355",
      archivePrefix  = "arXiv",
      primaryClass   = "hep-ph",
      reportNumber   = "BI-TP-96-21, CUTP-759, LPTHE-ORSAY-96-34",
      SLACcitation   = "%%CITATION = HEP-PH/9607355;%%"
}
% Gunion Bertsch
@article{PhysRevD.25.746,
  title = {Hadronization by color bremsstrahlung},
  author = {Gunion, J. F. and Bertsch, G.},
  journal = {Phys. Rev. D},
  volume = {25},
  issue = {3},
  pages = {746--753},
  numpages = {0},
  year = {1982},
  month = {Feb},
  publisher = {American Physical Society},
  doi = {10.1103/PhysRevD.25.746},
  url = {https://link.aps.org/doi/10.1103/PhysRevD.25.746}
}

% Coleman LPM
@article{ColemanSmith:2012vr,
      author         = "Coleman-Smith, Christopher E and Muller, Berndt",
      title          = "{Results of a systematic study of dijet suppression
                        measured at the BNL Relativistic Heavy Ion Collider}",
      journal        = "Phys. Rev.",
      volume         = "C86",
      year           = "2012",
      pages          = "054901",
      doi            = "10.1103/PhysRevC.86.054901",
      eprint         = "1205.6781",
      archivePrefix  = "arXiv",
      primaryClass   = "hep-ph",
      SLACcitation   = "%%CITATION = ARXIV:1205.6781;%%"
}
% Heavy quark Ralf Rapp
@inproceedings{Rapp:2009my,
      author         = "Rapp, Ralf and van Hees, Hendrik",
      title          = "{Heavy Quarks in the Quark-Gluon Plasma}",
      booktitle      = "{Quark-gluon plasma 4}",
      year           = "2010",
      url            = "https://inspirehep.net/record/814832/files/arXiv:0903.1096.pdf",
      pages          = "111-206",
      doi            = "10.1142/9789814293297_0003",
      eprint         = "0903.1096",
      archivePrefix  = "arXiv",
      primaryClass   = "hep-ph",
      SLACcitation   = "%%CITATION = ARXIV:0903.1096;%%"
}

% Monster paper for many heavy quark models
@article{Rapp:2018qla,
      author         = "Beraudo, A. and others",
      editor         = "Rapp, R. and Gossiaux, P. B. and Andronic, A. and
                        Averbeck, R. and Masciocchi, S.",
      title          = "{Extraction of Heavy-Flavor Transport Coefficients in QCD
                        Matter}",
      year           = "2018",
      eprint         = "1803.03824",
      archivePrefix  = "arXiv",
      primaryClass   = "nucl-th",
      SLACcitation   = "%%CITATION = ARXIV:1803.03824;%%"
}
% Freestreaming
@article{Liu:2015nwa,
      author         = "Liu, Jia and Shen, Chun and Heinz, Ulrich",
      title          = "{Pre-equilibrium evolution effects on heavy-ion collision
                        observables}",
      journal        = "Phys. Rev.",
      volume         = "C91",
      year           = "2015",
      number         = "6",
      pages          = "064906",
      doi            = "10.1103/PhysRevC.92.049904, 10.1103/PhysRevC.91.064906",
      note           = "[Erratum: Phys. Rev.C92,no.4,049904(2015)]",
      eprint         = "1504.02160",
      archivePrefix  = "arXiv",
      primaryClass   = "nucl-th",
      SLACcitation   = "%%CITATION = ARXIV:1504.02160;%%"
}

% HotQCD EoS
@article{Bazavov:2014pvz,
      author         = "Bazavov, A. and others",
      title          = "{Equation of state in ( 2+1 )-flavor QCD}",
      collaboration  = "HotQCD",
      journal        = "Phys. Rev.",
      volume         = "D90",
      year           = "2014",
      pages          = "094503",
      doi            = "10.1103/PhysRevD.90.094503",
      eprint         = "1407.6387",
      archivePrefix  = "arXiv",
      primaryClass   = "hep-lat",
      reportNumber   = "BNL-105928-2014-JA",
      SLACcitation   = "%%CITATION = ARXIV:1407.6387;%%"
}

% UrQMD
% A
@article{Bass:1998ca,
      author         = "Bass, S. A. and others",
      title          = "{Microscopic models for ultrarelativistic heavy ion
                        collisions}",
      journal        = "Prog. Part. Nucl. Phys.",
      volume         = "41",
      year           = "1998",
      pages          = "255-369",
      doi            = "10.1016/S0146-6410(98)00058-1",
      note           = "[Prog. Part. Nucl. Phys.41,225(1998)]",
      eprint         = "nucl-th/9803035",
      archivePrefix  = "arXiv",
      primaryClass   = "nucl-th",
      SLACcitation   = "%%CITATION = NUCL-TH/9803035;%%"
}
% B
@article{Bleicher:1999xi,
      author         = "Bleicher, M. and others",
      title          = "{Relativistic hadron hadron collisions in the
                        ultrarelativistic quantum molecular dynamics model}",
      journal        = "J. Phys.",
      volume         = "G25",
      year           = "1999",
      pages          = "1859-1896",
      doi            = "10.1088/0954-3899/25/9/308",
      eprint         = "hep-ph/9909407",
      archivePrefix  = "arXiv",
      primaryClass   = "hep-ph",
      SLACcitation   = "%%CITATION = HEP-PH/9909407;%%"
}
% FONLL
@article{Cacciari:1998it,
      author         = "Cacciari, Matteo and Greco, Mario and Nason, Paolo",
      title          = "{The P(T) spectrum in heavy flavor hadroproduction}",
      journal        = "JHEP",
      volume         = "05",
      year           = "1998",
      pages          = "007",
      doi            = "10.1088/1126-6708/1998/05/007",
      eprint         = "hep-ph/9803400",
      archivePrefix  = "arXiv",
      primaryClass   = "hep-ph",
      reportNumber   = "CERN-TH-98-77, LPTHE-ORSAY-98-11, IFUM-613-FT,
                        LNF-98-008-P",
      SLACcitation   = "%%CITATION = HEP-PH/9803400;%%"
}
% nCTEQ15np nuclear PDF
@article{Kovarik:2015cma,
      author         = "Kovarik, K. and others",
      title          = "{nCTEQ15 - Global analysis of nuclear parton
                        distributions with uncertainties in the CTEQ framework}",
      journal        = "Phys. Rev.",
      volume         = "D93",
      year           = "2016",
      number         = "8",
      pages          = "085037",
      doi            = "10.1103/PhysRevD.93.085037",
      eprint         = "1509.00792",
      archivePrefix  = "arXiv",
      primaryClass   = "hep-ph",
      reportNumber   = "LPSC-15-153, MS-TP-15-11, FERMILAB-PUB-15-375-ND-PPD-T",
      SLACcitation   = "%%CITATION = ARXIV:1509.00792;%%"
}

% EPPS16 nuclear PDF
@article{Eskola:2016oht,
      author         = "Eskola, Kari J. and Paakkinen, Petja and Paukkunen, Hannu
                        and Salgado, Carlos A.",
      title          = "{EPPS16: Nuclear parton distributions with LHC data}",
      journal        = "Eur. Phys. J.",
      volume         = "C77",
      year           = "2017",
      number         = "3",
      pages          = "163",
      doi            = "10.1140/epjc/s10052-017-4725-9",
      eprint         = "1612.05741",
      archivePrefix  = "arXiv",
      primaryClass   = "hep-ph",
      SLACcitation   = "%%CITATION = ARXIV:1612.05741;%%"
}
% D-meson hadronic cross-section
@article{Lin:2000jp,
      author         = "Lin, Zi-wei and Di, T. G. and Ko, C. M.",
      title          = "{Charm meson scattering cross-sections by pion and rho
                        meson}",
      journal        = "Nucl. Phys.",
      volume         = "A689",
      year           = "2001",
      pages          = "965-979",
      doi            = "10.1016/S0375-9474(00)00611-4",
      eprint         = "nucl-th/0006086",
      archivePrefix  = "arXiv",
      primaryClass   = "nucl-th",
      SLACcitation   = "%%CITATION = NUCL-TH/0006086;%%"
}
% Parton cascade charm
@article{Srivastava:2017bcm,
      author         = "Srivastava, Dinesh K. and Bass, Steffen A. and
                        Chatterjee, Rupa",
      title          = "{Production of charm quarks in a parton cascade model for
                        relativistic heavy ion collisions at $\sqrt{s_{\textrm
                        NN}}$= 200 GeV}",
      journal        = "Phys. Rev.",
      volume         = "C96",
      year           = "2017",
      number         = "6",
      pages          = "064906",
      doi            = "10.1103/PhysRevC.96.064906",
      eprint         = "1705.05542",
      archivePrefix  = "arXiv",
      primaryClass   = "nucl-th",
      SLACcitation   = "%%CITATION = ARXIV:1705.05542;%%"
}
% Jonah thesis
@phdthesis{Bernhard:2018hnz,
      author         = "Bernhard, Jonah E.",
      title          = "{Bayesian parameter estimation for relativistic heavy-ion
                        collisions}",
      url            = "https://inspirehep.net/record/1669345/files/1804.06469.pdf",
      year           = "2018",
      eprint         = "1804.06469",
      archivePrefix  = "arXiv",
      primaryClass   = "nucl-th",
      SLACcitation   = "%%CITATION = ARXIV:1804.06469;%%"
}

% Gaussian process online book
@book{Rasmussen:2006gp,
      author         = "Rasmussen, Carl Edward and Williams, Christopher K. I.",
      title          = "Gaussian Processes for Machine Learning",
      publisher      = "MIT Press",
      address        = "Cambridge, MA",
      year           = 2006,
      url            = "http://www.gaussianprocess.org/gpml",
}
% ALICE D-meosn v2 at 5.02 TeV
@article{Acharya:2017qps,
      author         = "Acharya, Shreyasi and others",
      title          = "{$D$-meson azimuthal anisotropy in midcentral Pb-Pb
                        collisions at $\mathbf{\sqrt{s_{\rm NN}}=5.02}$ TeV}",
      collaboration  = "ALICE",
      journal        = "Phys. Rev. Lett.",
      volume         = "120",
      year           = "2018",
      number         = "10",
      pages          = "102301",
      doi            = "10.1103/PhysRevLett.120.102301",
      eprint         = "1707.01005",
      archivePrefix  = "arXiv",
      primaryClass   = "nucl-ex",
      reportNumber   = "CERN-EP-2017-153",
      SLACcitation   = "%%CITATION = ARXIV:1707.01005;%%"
}


% ALICE D-meson Raa at 5.02 TeV
@article{Acharya:2018hre,
      author         = "Acharya, Shreyasi and others",
      title          = "{Measurement of D$^0$, D$^+$, D$^{*+}$ and D$^+_{\rm s}$
                        production in Pb-Pb collisions at $\mathbf{\sqrt{s_{\rm
                        NN}}}= 5.02$ TeV}",
      collaboration  = "ALICE",
      year           = "2018",
      eprint         = "1804.09083",
      archivePrefix  = "arXiv",
      primaryClass   = "nucl-ex",
      reportNumber   = "CERN-EP-2018-066, CERN-EP-2018-066",
      SLACcitation   = "%%CITATION = ARXIV:1804.09083;%%"
}
% ALICE D-meson v2EE at 5.02 TeV (Prelim)
@inproceedings{Grosa:2017zcz,
      author         = "Grosa, Fabrizio",
      title          = "{Measurement of the D-meson nuclear modification factor
                        and elliptic flow in Pb-Pb collisions at $\sqrt{s_{\rm
                        NN}}=5.02~{\rm TeV}$ with ALICE at the LHC}",
      booktitle      = "{17th International Conference on Strangeness in Quark
                        Matter (SQM 2017) Utrecht, the Netherlands, July 10-15,
                        2017}",
      collaboration  = "ALICE",
      url            = "https://inspirehep.net/record/1630956/files/arXiv:1710.05644.pdf",
      year           = "2017",
      doi            = "10.1051/epjconf/201817118007",
      eprint         = "1710.05644",
      archivePrefix  = "arXiv",
      primaryClass   = "nucl-ex",
      SLACcitation   = "%%CITATION = ARXIV:1710.05644;%%"
}
% CMS B-meson Raa 5.02 TeV
@article{Sirunyan:2017oug,
      author         = "Sirunyan, Albert M and others",
      title          = "{Measurement of the ${B}^{\pm}$ Meson Nuclear
                        Modification Factor in Pb-Pb Collisions at
                        $\sqrt{{s}_{NN}}=5.02\text{ }\text{ }\mathrm{TeV}$}",
      collaboration  = "CMS",
      journal        = "Phys. Rev. Lett.",
      volume         = "119",
      year           = "2017",
      number         = "15",
      pages          = "152301",
      doi            = "10.1103/PhysRevLett.119.152301",
      eprint         = "1705.04727",
      archivePrefix  = "arXiv",
      primaryClass   = "hep-ex",
      reportNumber   = "CMS-HIN-16-011, CERN-EP-2017-076",
      SLACcitation   = "%%CITATION = ARXIV:1705.04727;%%"
}
% CMS D-meson v2, v3 5.02 TeV
@article{Sirunyan:2017plt,
      author         = "Sirunyan, Albert M and others",
      title          = "{Measurement of prompt $D^0$ meson azimuthal anisotropy
                        in Pb-Pb collisions at $\sqrt{{s}_{NN}}$ = 5.02 TeV}",
      collaboration  = "CMS",
      journal        = "Phys. Rev. Lett.",
      volume         = "120",
      year           = "2018",
      number         = "20",
      pages          = "202301",
      doi            = "10.1103/PhysRevLett.120.202301",
      eprint         = "1708.03497",
      archivePrefix  = "arXiv",
      primaryClass   = "nucl-ex",
      reportNumber   = "CMS-HIN-16-007, CERN-EP-2017-174",
      SLACcitation   = "%%CITATION = ARXIV:1708.03497;%%"
}

% CMS D-meson Raa 5.02 TeV
@article{Sirunyan:2017xss,
      author         = "Sirunyan, Albert M and others",
      title          = "{Nuclear modification factor of D$^0$ mesons in PbPb
                        collisions at  $\sqrt{s_\mathrm{NN}} = 5.02$ TeV}",
      collaboration  = "CMS",
      journal        = "Phys. Lett.",
      volume         = "B782",
      year           = "2018",
      pages          = "474-496",
      doi            = "10.1016/j.physletb.2018.05.074",
      eprint         = "1708.04962",
      archivePrefix  = "arXiv",
      primaryClass   = "nucl-ex",
      reportNumber   = "CMS-HIN-16-001, CERN-EP-2017-186",
      SLACcitation   = "%%CITATION = ARXIV:1708.04962;%%"
}

% STAR D0 v2
@article{Adamczyk:2017xur,
      author         = "Adamczyk, L. and others",
      title          = "{Measurement of $D^0$ Azimuthal Anisotropy at Midrapidity
                        in Au+Au Collisions at $\sqrt{s_{NN}}$=200  GeV}",
      collaboration  = "STAR",
      journal        = "Phys. Rev. Lett.",
      volume         = "118",
      year           = "2017",
      number         = "21",
      pages          = "212301",
      doi            = "10.1103/PhysRevLett.118.212301",
      eprint         = "1701.06060",
      archivePrefix  = "arXiv",
      primaryClass   = "nucl-ex",
      SLACcitation   = "%%CITATION = ARXIV:1701.06060;%%"
}
% STAR D Raa proceeding
@article{Xie:2016iwq,
      author         = "Xie, Guannan",
      title          = "{Nuclear Modification Factor of $D^0$ Meson in
                        Au + Au Collisions at $\sqrt{s_{NN}}$=200 GeV}",
      booktitle      = "{Proceedings, 25th International Conference on
                        Ultra-Relativistic Nucleus-Nucleus Collisions (Quark
                        Matter 2015): Kobe, Japan, September 27-October 3, 2015}",
      collaboration  = "STAR",
      journal        = "Nucl. Phys.",
      volume         = "A956",
      year           = "2016",
      pages          = "473-476",
      doi            = "10.1016/j.nuclphysa.2016.01.046",
      eprint         = "1601.00695",
      archivePrefix  = "arXiv",
      primaryClass   = "nucl-ex",
      SLACcitation   = "%%CITATION = ARXIV:1601.00695;%%"
}

% Migdal LPM effect
@article{PhysRev.103.1811,
  title = {Bremsstrahlung and Pair Production in Condensed Media at High Energies},
  author = {Migdal, A. B.},
  journal = {Phys. Rev.},
  volume = {103},
  issue = {6},
  pages = {1811--1820},
  numpages = {0},
  year = {1956},
  month = {Sep},
  publisher = {American Physical Society},
  doi = {10.1103/PhysRev.103.1811},
  url = {https://link.aps.org/doi/10.1103/PhysRev.103.1811}
}
% initial c and b parametric spectra
@article{Cao:2012jt,
      author         = "Cao, Shanshan and Qin, Guang-You and Bass, Steffen A.",
      title          = "{Model and parameter dependence of heavy quark energy
                        loss in a hot and dense medium}",
      journal        = "J. Phys.",
      volume         = "G40",
      year           = "2013",
      pages          = "085103",
      doi            = "10.1088/0954-3899/40/8/085103",
      eprint         = "1205.2396",
      archivePrefix  = "arXiv",
      primaryClass   = "nucl-th",
      SLACcitation   = "%%CITATION = ARXIV:1205.2396;%%"
}
% ALICE p+Pb Raa
@article{Abelev:2014hha,
      author         = "Abelev, Betty Bezverkhny and others",
      title          = "{Measurement of prompt $D$-meson production in $p-Pb$
                        collisions at $\sqrt{s_{NN}}$ = 5.02 TeV}",
      collaboration  = "ALICE",
      journal        = "Phys. Rev. Lett.",
      volume         = "113",
      year           = "2014",
      number         = "23",
      pages          = "232301",
      doi            = "10.1103/PhysRevLett.113.232301",
      eprint         = "1405.3452",
      archivePrefix  = "arXiv",
      primaryClass   = "nucl-ex",
      reportNumber   = "CERN-PH-EP-2014-090, CERN-PH-EP-2014-90,
                        ALICE-PUBLIC-2015-001",
      SLACcitation   = "%%CITATION = ARXIV:1405.3452;%%"
}
% WHDG
@article{Wicks:2007am,
      author         = "Wicks, Simon and Horowitz, William and Djordjevic,
                        Magdalena and Gyulassy, Miklos",
      title          = "{Heavy quark jet quenching with collisional plus
                        radiative energy loss and path length fluctuations}",
      booktitle      = "{Proceedings,  2nd International Conference on Hard and
                        Electromagnetic Probes of High-Energy Nuclear Collisions
                        (Hard Probes 2006): Asilomar, USA, June 9-16, 2006}",
      journal        = "Nucl. Phys.",
      volume         = "A783",
      year           = "2007",
      pages          = "493-496",
      doi            = "10.1016/j.nuclphysa.2006.11.102",
      eprint         = "nucl-th/0701063",
      archivePrefix  = "arXiv",
      primaryClass   = "nucl-th",
      SLACcitation   = "%%CITATION = NUCL-TH/0701063;%%"
}
% WDG
@article{Djordjevic:2004nq,
      author         = "Djordjevic, Magdalena and Gyulassy, Miklos and Wicks,
                        Simon",
      title          = "{The Charm and beauty of RHIC and LHC}",
      journal        = "Phys. Rev. Lett.",
      volume         = "94",
      year           = "2005",
      pages          = "112301",
      doi            = "10.1103/PhysRevLett.94.112301",
      eprint         = "hep-ph/0410372",
      archivePrefix  = "arXiv",
      primaryClass   = "hep-ph",
      SLACcitation   = "%%CITATION = HEP-PH/0410372;%%"
}
% Light Cone 
@article{Sharma:2009hn,
      author         = "Sharma, Rishi and Vitev, Ivan and Zhang, Ben-Wei",
      title          = "{Light-cone wave function approach to open heavy flavor
                        dynamics in QCD matter}",
      journal        = "Phys. Rev.",
      volume         = "C80",
      year           = "2009",
      pages          = "054902",
      doi            = "10.1103/PhysRevC.80.054902",
      eprint         = "0904.0032",
      archivePrefix  = "arXiv",
      primaryClass   = "hep-ph",
      SLACcitation   = "%%CITATION = ARXIV:0904.0032;%%"
}
% Marlene Nante
@article{Nahrgang:2013saa,
      author         = "Nahrgang, Marlene and Aichelin, Joerg and Gossiaux, Pol
                        Bernard and Werner, Klaus",
      title          = "{Azimuthal correlations of heavy quarks in Pb + Pb
                        collisions at $\sqrt{s}=2.76$ TeV at the CERN Large Hadron
                        Collider}",
      journal        = "Phys. Rev.",
      volume         = "C90",
      year           = "2014",
      number         = "2",
      pages          = "024907",
      doi            = "10.1103/PhysRevC.90.024907",
      eprint         = "1305.3823",
      archivePrefix  = "arXiv",
      primaryClass   = "hep-ph",
      SLACcitation   = "%%CITATION = ARXIV:1305.3823;%%"
}
% Jan Uphoff BAMPS
@article{Uphoff:2010sh,
      author         = "Uphoff, Jan and Fochler, Oliver and Xu, Zhe and Greiner,
                        Carsten",
      title          = "{Heavy quark production at RHIC and LHC within a partonic
                        transport model}",
      journal        = "Phys. Rev.",
      volume         = "C82",
      year           = "2010",
      pages          = "044906",
      doi            = "10.1103/PhysRevC.82.044906",
      eprint         = "1003.4200",
      archivePrefix  = "arXiv",
      primaryClass   = "hep-ph",
      SLACcitation   = "%%CITATION = ARXIV:1003.4200;%%"
}
% TAMU heavy quark in HRG
@article{He:2011yi,
      author         = "He, Min and Fries, Rainer J. and Rapp, Ralf",
      title          = "{Thermal Relaxation of Charm in Hadronic Matter}",
      journal        = "Phys. Lett.",
      volume         = "B701",
      year           = "2011",
      pages          = "445-450",
      doi            = "10.1016/j.physletb.2011.06.019",
      eprint         = "1103.6279",
      archivePrefix  = "arXiv",
      primaryClass   = "nucl-th",
      SLACcitation   = "%%CITATION = ARXIV:1103.6279;%%"
}
% PHSD heavy quark
%%% contains utf-8, see: http://inspirehep.net/info/faq/general#utf8
%%% add \usepackage[utf8]{inputenc} to your latex preamble
@article{Song:2015ykw,
      author         = "Song, Taesoo and Berrehrah, Hamza and Cabrera, Daniel and
                        Cassing, Wolfgang and Bratkovskaya, Elena",
      title          = "{Charm production in Pb + Pb collisions at energies
                        available at the CERN Large Hadron Collider}",
      journal        = "Phys. Rev.",
      volume         = "C93",
      year           = "2016",
      number         = "3",
      pages          = "034906",
      doi            = "10.1103/PhysRevC.93.034906",
      eprint         = "1512.00891",
      archivePrefix  = "arXiv",
      primaryClass   = "nucl-th",
      SLACcitation   = "%%CITATION = ARXIV:1512.00891;%%"
}
% TAMU NP heavy quark diffusion
@article{vanHees:2007me,
      author         = "van Hees, H. and Mannarelli, M. and Greco, V. and Rapp,
                        R.",
      title          = "{Nonperturbative heavy-quark diffusion in the quark-gluon
                        plasma}",
      journal        = "Phys. Rev. Lett.",
      volume         = "100",
      year           = "2008",
      pages          = "192301",
      doi            = "10.1103/PhysRevLett.100.192301",
      eprint         = "0709.2884",
      archivePrefix  = "arXiv",
      primaryClass   = "hep-ph",
      SLACcitation   = "%%CITATION = ARXIV:0709.2884;%%"
}
% NLO diffusion in QCD and N=4 SYM
@article{CaronHuot:2008uh,
      author         = "Caron-Huot, Simon and Moore, Guy D.",
      title          = "{Heavy quark diffusion in QCD and N=4 SYM at
                        next-to-leading order}",
      journal        = "JHEP",
      volume         = "02",
      year           = "2008",
      pages          = "081",
      doi            = "10.1088/1126-6708/2008/02/081",
      eprint         = "0801.2173",
      archivePrefix  = "arXiv",
      primaryClass   = "hep-ph",
      SLACcitation   = "%%CITATION = ARXIV:0801.2173;%%"
}
% Catania Boltzmann 
@article{Scardina:2017ipo,
      author         = "Scardina, Francesco and Das, Santosh K. and Minissale,
                        Vincenzo and Plumari, Salvatore and Greco, Vincenzo",
      title          = "{Estimating the charm quark diffusion coefficient and
                        thermalization time from D meson spectra at energies
                        available at the BNL Relativistic Heavy Ion Collider and
                        the CERN Large Hadron Collider}",
      journal        = "Phys. Rev.",
      volume         = "C96",
      year           = "2017",
      number         = "4",
      pages          = "044905",
      doi            = "10.1103/PhysRevC.96.044905",
      eprint         = "1707.05452",
      archivePrefix  = "arXiv",
      primaryClass   = "nucl-th",
      SLACcitation   = "%%CITATION = ARXIV:1707.05452;%%"
}
% Nante, Pol
% A
@article{Gossiaux:2008jv,
      author         = "Gossiaux, P. B. and Aichelin, J.",
      title          = "{Towards an understanding of the RHIC single electron
                        data}",
      booktitle      = "{Proceedings, 20th International Conference on
                        Ultra-Relativistic Nucleus-Nucleus Collisions (QM 2008):
                        Jaipur, India, February 4-10, 2008}",
      journal        = "Phys. Rev.",
      volume         = "C78",
      year           = "2008",
      pages          = "014904",
      doi            = "10.1103/PhysRevC.78.014904",
      eprint         = "0802.2525",
      archivePrefix  = "arXiv",
      primaryClass   = "hep-ph",
      SLACcitation   = "%%CITATION = ARXIV:0802.2525;%%"
}
% B
@article{Gossiaux:2009qf,
      author         = "Gossiaux, Pol B. and Aichelin, Joerg",
      title          = "{Energy Loss of Heavy Quarks in a QGP with a Running
                        Coupling Constant Approach}",
      booktitle      = "{Proceedings, 21st International Conference on
                        Ultra-Relativistic nucleus nucleus collisions (Quark
                        matter 2009): Knoxville, USA, March 30-April 4, 2009}",
      journal        = "Nucl. Phys.",
      volume         = "A830",
      year           = "2009",
      pages          = "203C-206C",
      doi            = "10.1016/j.nuclphysa.2009.10.015",
      eprint         = "0907.4329",
      archivePrefix  = "arXiv",
      primaryClass   = "hep-ph",
      SLACcitation   = "%%CITATION = ARXIV:0907.4329;%%"
}
% SCET
@article{Kang:2016ofv,
      author         = "Kang, Zhong-Bo and Ringer, Felix and Vitev, Ivan",
      title          = "{Effective field theory approach to open heavy flavor
                        production in heavy-ion collisions}",
      journal        = "JHEP",
      volume         = "03",
      year           = "2017",
      pages          = "146",
      doi            = "10.1007/JHEP03(2017)146",
      eprint         = "1610.02043",
      archivePrefix  = "arXiv",
      primaryClass   = "hep-ph",
      SLACcitation   = "%%CITATION = ARXIV:1610.02043;%%"
}
% Monopole (cujet 3.0)
@article{Xu:2014tda,
      author         = "Xu, Jiechen and Liao, Jinfeng and Gyulassy, Miklos",
      title          = "{Consistency of Perfect Fluidity and Jet Quenching in
                        semi-Quark-Gluon Monopole Plasmas}",
      journal        = "Chin. Phys. Lett.",
      volume         = "32",
      year           = "2015",
      number         = "9",
      pages          = "092501",
      doi            = "10.1088/0256-307X/32/9/092501",
      eprint         = "1411.3673",
      archivePrefix  = "arXiv",
      primaryClass   = "hep-ph",
      SLACcitation   = "%%CITATION = ARXIV:1411.3673;%%"
}
% OSG
% A
@article{Pordes:2007zzb,
      author         = "Pordes, Ruth and Kramer, Bill and Olson, Doug and Livny,
                        Miron and Roy, Alain and others",
      title          = "{The Open Science Grid}",
      journal        = "J.Phys.Conf.Ser.",
      volume         = "78",
      pages          = "012057",
      doi            = "10.1088/1742-6596/78/1/012057",
      year           = "2007",
      reportNumber   = "FERMILAB-CONF-07-217-CD",
      SLACcitation   = "%%CITATION = 00462,78,012057;%%",
}
% B
@article{Sfiligoi:2010zz,
      author         = "Sfiligoi, Igor and Bradley, Daniel C. and Holzman, Burt
                        and Mhashilkar, Parag and Padhi, Sanjay and others",
      title          = "{The pilot way to Grid resources using glideinWMS}",
      journal        = "WRI World Congress",
      volume         = "2",
      pages          = "428-432",
      doi            = "10.1109/CSIE.2009.950",
      year           = "2009",
      reportNumber   = "FERMILAB-CONF-09-373-CD",
      SLACcitation   = "%%CITATION = FERMILAB-CONF-09-373-CD ETC.;%%",
}




















